@incollection{wheeler1990information,
  title={Information, physics, quantum: The search for links},
  author={Wheeler, John Archibald},
  booktitle={Complexity, Entropy, and the Physics of Information},
  editor={Zurek, W. H.},
  publisher={Addison-Wesley},
  address={Redwood City, CA},
  year={1990}
}

@article{hameroff2014consciousness,
  title={Consciousness in the universe: A review of the 'Orch OR' theory},
  author={Hameroff, Stuart and Penrose, Roger},
  journal={Physics of Life Reviews},
  volume={11},
  number={1},
  pages={39--78},
  year={2014}
}

@article{chalmers1995facing,
  title={Facing up to the problem of consciousness},
  author={Chalmers, David J.},
  journal={Journal of Consciousness Studies},
  volume={2},
  number={3},
  pages={200--219},
  year={1995}
}

@book{penrose1989emperor,
  title={The Emperor's New Mind: Concerning Computers, Minds, and the Laws of Physics},
  author={Penrose, Roger},
  publisher={Oxford University Press},
  year={1989}
}

@book{bohm1980wholeness,
  title={Wholeness and the Implicate Order},
  author={Bohm, David},
  publisher={Routledge},
  year={1980}
}

@book{dehaene2014consciousness,
  title={Consciousness and the Brain: Deciphering How the Brain Codes Our Thoughts},
  author={Dehaene, Stanislas},
  publisher={Viking},
  year={2014}
}

@article{tononi2016integrated,
  title={Integrated information theory: From consciousness to its physical substrate},
  author={Tononi, Giulio and Boly, Melanie and Massimini, Marcello and Koch, Christof},
  journal={Nature Reviews Neuroscience},
  volume={17},
  number={7},
  pages={450--461},
  year={2016}
}

@book{varela1991embodied,
  title={The Embodied Mind: Cognitive Science and Human Experience},
  author={Varela, Francisco J. and Thompson, Evan and Rosch, Eleanor},
  publisher={MIT Press},
  year={1991}
}

@book{pribram1991brain,
  title={Brain and Perception: Holonomy and Structure in Figural Processing},
  author={Pribram, Karl H.},
  publisher={Lawrence Erlbaum Associates},
  year={1991}
}

@article{tegmark2015consciousness,
  title={Consciousness as a state of matter},
  author={Tegmark, Max},
  journal={Chaos, Solitons \& Fractals},
  volume={76},
  pages={238--270},
  year={2015}
}

@book{whitehead1978process,
  title={Process and Reality: An Essay in Cosmology},
  author={Whitehead, Alfred North},
  publisher={The Free Press},
  year={1978},
  note={Original work published 1929}
}

@book{sheldrake2012science,
  title={The Science Delusion: Freeing the Spirit of Enquiry},
  author={Sheldrake, Rupert},
  publisher={Coronet},
  year={2012}
}

@book{kauffman2019world,
  title={A World Beyond Physics: The Emergence and Evolution of Life},
  author={Kauffman, Stuart A.},
  publisher={Oxford University Press},
  year={2019}
}

